<?xml version="1.0" encoding="UTF-8"?><record xmlns="http://www.loc.gov/MARC21/slim" xmlns:cinclude="http://apache.org/cocoon/include/1.0" xmlns:zs="http://www.loc.gov/zing/srw/">
  <leader>00531cz  a2200133n  4500</leader>
  <controlfield tag="001">n  91042921 </controlfield>
  <controlfield tag="003">DLC</controlfield>
  <controlfield tag="005">20120804083045.0</controlfield>
  <controlfield tag="008">910501n| acannaab           |n ana      </controlfield>
  <datafield tag="010" ind1=" " ind2=" ">
    <subfield code="a">n  91042921 </subfield>
  </datafield>
  <datafield tag="040" ind1=" " ind2=" ">
    <subfield code="a">DLC</subfield>
    <subfield code="b">eng</subfield>
    <subfield code="c">DLC</subfield>
    <subfield code="d">DLC</subfield>
  </datafield>
  <datafield tag="110" ind1="2" ind2=" ">
    <subfield code="a">Government Finance Officers Association.</subfield>
    <subfield code="b">Conference</subfield>
  </datafield>
  <datafield tag="667" ind1=" " ind2=" ">
    <subfield code="a">THIS 1XX FIELD CANNOT BE USED UNDER RDA UNTIL THIS RECORD HAS BEEN REVIEWED AND/OR UPDATED</subfield>
  </datafield>
  <datafield tag="670" ind1=" " ind2=" ">
    <subfield code="a">The Massachusetts experience, 1988:</subfield>
    <subfield code="b">t.p. (81st Annual Conference, Government Finance Officers Association, Washington, D.C.)</subfield>
  </datafield>
</record>